@article{Christiansen:SAG,
	author = {Christiansen, H.},
	title = {A survey of adaptable grammars},
	journal = {SIGPLAN Not.},
	issue_date = {Nov. 1990},
	volume = {25},
	number = {11},
	month = nov,
	year = {1990},
	issn = {0362-1340},
	pages = {35--44},
	numpages = {10},
	url = {http://doi.acm.org/10.1145/101356.101357},
	doi = {10.1145/101356.101357},
	acmid = {101357},
	publisher = {ACM},
	address = {New York, NY, USA},
}

@misc{Lewis:LLParsers,
	author = {Forbes D. Lewis},
	title = {Recursive descent parsers},
	howpublished = {http://www.cs.engr.uky.edu/$\sim$lewis/essays/compilers/rec-des.html},
}

@book{Hopcroft:IAT,
	author = {Hopcroft, John E. and Motwani, Rajeev and Ullman, Jeffrey D.},
	title = {Introduction to Automata Theory, Languages, and Computation (3rd Edition)},
	year = {2006},
	isbn = {0321455363},
	publisher = {Addison-Wesley Longman Publishing Co., Inc.},
	address = {Boston, MA, USA},
	pages = {169-179},
} 

@misc{Shutt:AG,
	author = {John N. Shutt},
	title = {Adaptive grammars},
	year = {2005},
	month = nov,
	howpublished = {http://web.cs.wpi.edu/~jshutt/},
}