@techreport{c99,
Author = {ISO/IEC},
Institution = {International Organization for Standardization,
                           Geneva, Switzerland.},
Title = {{ISO}/{IEC} 9899:1999: Programming Languages -- {C}},
Year = {1999}
}


@misc{gcc,
  Author = {Free Software Foundation},
  Title = {{GCC}},
  HowPublished = {http://gcc.gnu.org}
}

@misc{mli-guide,
  Author = {R.D. Eager, P.J. Brown},
  Title = {{ML/I}},
  HowPublished = {http://www.ml1.org.uk/htmldoc/ml1sig.html}
}

@misc{mli,
  Author = {Bob Eager},
  Title = {{The ML/I macro processor}},
  HowPublished = {http://www.ml1.org.uk/}
}
